@article{JonesDS07,
  author    = {R. Kent Dybvig and
               Simon L. Peyton Jones and
               Amr Sabry},
  title     = {A monadic framework for delimited continuations},
  journal   = {J. Funct. Program.},
  volume    = {17},
  number    = {6},
  pages     = {687--730},
  year      = {2007},
  url       = {http://dx.doi.org/10.1017/S0956796807006259},
  doi       = {10.1017/S0956796807006259},
  timestamp = {Mon, 21 Mar 2011 07:44:50 +0100},
  biburl    = {http://dblp.uni-trier.de/rec/bib/journals/jfp/DybvigJS07},
  bibsource = {dblp computer science bibliography, http://dblp.org}
}

@unpublished{Bakel15,
	author	= "Steffen van Bakel",
	title	= "\ltry: exception handling with failure and recovery",
	year	= "2015",
  note = "Unpublished paper on exception handling in Haskell"
}
